@article{sfcrime,
author = {Young-An Kim and James C. Wo},
title = {Topography and crime in place: The effects of elevation, slope, and betweenness in San Francisco street segments},
journal = {Journal of Urban Affairs},
volume = {0},
number = {0},
pages = {1-25},
year  = {2021},
publisher = {Routledge},
doi = {10.1080/07352166.2021.1901591},

URL = { 
        https://doi.org/10.1080/07352166.2021.1901591
    
},
eprint = { 
        https://doi.org/10.1080/07352166.2021.1901591
    
}

}


